
@article{rolfe2012lag,
  title={Lag phase is a distinct growth phase that prepares bacteria for exponential growth and involves transient metal accumulation},
  author={Rolfe, Matthew D and Rice, Christopher J and Lucchini, Sacha and Pin, Carmen and Thompson, Arthur and Cameron, Andrew DS and Alston, Mark and Stringer, Michael F and Betts, Roy P and Baranyi, J{\'o}zsef and others},
  journal={Journal of bacteriology},
  volume={194},
  number={3},
  pages={686--701},
  year={2012},
  publisher={Am Soc Microbiol}
}

@article{huang2013optimization,
  title={Optimization of a new mathematical model for bacterial growth},
  author={Huang, Lihan},
  journal={Food Control},
  volume={32},
  number={1},
  pages={283--288},
  year={2013},
  publisher={Elsevier}
}


@article{finkel2006long,
  title={Long-term survival during stationary phase: evolution and the GASP phenotype},
  author={Finkel, Steven E},
  journal={Nature Reviews Microbiology},
  volume={4},
  number={2},
  pages={113--120},
  year={2006},
  publisher={Nature Publishing Group}
}

@article{bae2014growth,
  title={Growth characteristics and biofilm formation of various spoilage bacteria isolated from fresh produce},
  author={Bae, Young-Min and Zheng, Ling and Hyun, Jeong-Eun and Jung, Kyu-Seok and Heu, Sunggi and Lee, Sun-Young},
  journal={Journal of food science},
  volume={79},
  number={10},
  pages={M2072--M2080},
  year={2014},
  publisher={Wiley Online Library}
}


@article{zwietering1990modeling,
  title={Modeling of the bacterial growth curve},
  author={Zwietering, MH and Jongenburger, Il and Rombouts, FM and Van't Riet, KJAEM},
  journal={Applied and environmental microbiology},
  volume={56},
  number={6},
  pages={1875--1881},
  year={1990},
  publisher={Am Soc Microbiol}
}

@article{stefan2012mathematical,
  title={Mathematical ecology: why mechanistic models?},
  author={Stefan, A and Geritz, H and Kisdi, {\'E}va},
  journal={Journal of mathematical biology},
  volume={65},
  number={6-7},
  pages={1411},
  year={2012},
  publisher={Springer Nature BV}
}

@article{transtrum2016bridging,
  title={Bridging mechanistic and phenomenological models of complex biological systems},
  author={Transtrum, Mark K and Qiu, Peng},
  journal={PLoS computational biology},
  volume={12},
  number={5},
  pages={e1004915},
  year={2016},
  publisher={Public Library of Science San Francisco, CA USA}
}


@article{white2019should,
  title={Should we care if models are phenomenological or mechanistic?},
  author={White, Craig R and Marshall, Dustin J},
  journal={Trends in ecology \& evolution},
  volume={34},
  number={4},
  pages={276--278},
  year={2019},
  publisher={Elsevier}
}

@article{o1989multiple,
  title={Multiple nutrient limitations in ecological models},
  author={O'neill, RV and DeAngelis, DL and Pastor, JJ and Jackson, BJ and Post, WM},
  journal={Ecological Modelling},
  volume={46},
  number={3-4},
  pages={147--163},
  year={1989},
  publisher={Elsevier}
}

@article{brown2018applications,
  title={Applications of mechanistic modelling to clinical and experimental immunology: an emerging technology to accelerate immunotherapeutic discovery and development},
  author={Brown, Liam V and Gaffney, Eamonn A and Wagg, Jonathan and Coles, Mark C},
  journal={Clinical \& Experimental Immunology},
  volume={193},
  number={3},
  pages={284--292},
  year={2018},
  publisher={Wiley Online Library}
}


